%YAML 1.1
%TAG !u! tag:unity3d.com,2011:
--- !u!1 &58698854277541676
GameObject:
  m_ObjectHideFlags: 0
  m_CorrespondingSourceObject: {fileID: 0}
  m_PrefabInstance: {fileID: 0}
  m_PrefabAsset: {fileID: 0}
  serializedVersion: 6
  m_Component:
  - component: {fileID: 4687149186989474425}
  - component: {fileID: 2288578099159901052}
  m_Layer: 0
  m_Name: WorldBlock5
  m_TagString: Untagged
  m_Icon: {fileID: 0}
  m_NavMeshLayer: 0
  m_StaticEditorFlags: 0
  m_IsActive: 1
--- !u!4 &4687149186989474425
Transform:
  m_ObjectHideFlags: 0
  m_CorrespondingSourceObject: {fileID: 0}
  m_PrefabInstance: {fileID: 0}
  m_PrefabAsset: {fileID: 0}
  m_GameObject: {fileID: 58698854277541676}
  m_LocalRotation: {x: 0, y: 0, z: 0, w: 1}
  m_LocalPosition: {x: 0, y: 0, z: 0}
  m_LocalScale: {x: 1, y: 1, z: 1}
  m_Children:
  - {fileID: 8584692338656479337}
  - {fileID: 5542448437310849737}
  - {fileID: 801702644289155241}
  - {fileID: 1420788141397912023}
  - {fileID: 167879923318489446}
  - {fileID: 3533901442757784385}
  - {fileID: 2464318957706980381}
  - {fileID: 8427300962458710450}
  - {fileID: 7309883750944141560}
  - {fileID: 3116779693184270816}
  - {fileID: 8674471728781752402}
  m_Father: {fileID: 0}
  m_RootOrder: 0
  m_LocalEulerAnglesHint: {x: 0, y: 0, z: 0}
--- !u!114 &2288578099159901052
MonoBehaviour:
  m_ObjectHideFlags: 0
  m_CorrespondingSourceObject: {fileID: 0}
  m_PrefabInstance: {fileID: 0}
  m_PrefabAsset: {fileID: 0}
  m_GameObject: {fileID: 58698854277541676}
  m_Enabled: 1
  m_EditorHideFlags: 0
  m_Script: {fileID: 11500000, guid: 01a93b44b697d475e9ba8411d1d23028, type: 3}
  m_Name: 
  m_EditorClassIdentifier: 
  startPin: {fileID: 8584692338656479337}
  endPin: {fileID: 5542448437310849737}
--- !u!1 &4669442037041853856
GameObject:
  m_ObjectHideFlags: 0
  m_CorrespondingSourceObject: {fileID: 0}
  m_PrefabInstance: {fileID: 0}
  m_PrefabAsset: {fileID: 0}
  serializedVersion: 6
  m_Component:
  - component: {fileID: 8584692338656479337}
  m_Layer: 0
  m_Name: Start
  m_TagString: Untagged
  m_Icon: {fileID: 0}
  m_NavMeshLayer: 0
  m_StaticEditorFlags: 0
  m_IsActive: 1
--- !u!4 &8584692338656479337
Transform:
  m_ObjectHideFlags: 0
  m_CorrespondingSourceObject: {fileID: 0}
  m_PrefabInstance: {fileID: 0}
  m_PrefabAsset: {fileID: 0}
  m_GameObject: {fileID: 4669442037041853856}
  m_LocalRotation: {x: -0, y: -0, z: -0, w: 1}
  m_LocalPosition: {x: -5, y: -3, z: 0}
  m_LocalScale: {x: 1, y: 1, z: 1}
  m_Children: []
  m_Father: {fileID: 4687149186989474425}
  m_RootOrder: 0
  m_LocalEulerAnglesHint: {x: 0, y: 0, z: 0}
--- !u!1 &7944696327953795498
GameObject:
  m_ObjectHideFlags: 0
  m_CorrespondingSourceObject: {fileID: 0}
  m_PrefabInstance: {fileID: 0}
  m_PrefabAsset: {fileID: 0}
  serializedVersion: 6
  m_Component:
  - component: {fileID: 5542448437310849737}
  m_Layer: 0
  m_Name: End
  m_TagString: Untagged
  m_Icon: {fileID: 0}
  m_NavMeshLayer: 0
  m_StaticEditorFlags: 0
  m_IsActive: 1
--- !u!4 &5542448437310849737
Transform:
  m_ObjectHideFlags: 0
  m_CorrespondingSourceObject: {fileID: 0}
  m_PrefabInstance: {fileID: 0}
  m_PrefabAsset: {fileID: 0}
  m_GameObject: {fileID: 7944696327953795498}
  m_LocalRotation: {x: -0, y: -0, z: -0, w: 1}
  m_LocalPosition: {x: 5, y: -3, z: 0}
  m_LocalScale: {x: 1, y: 1, z: 1}
  m_Children: []
  m_Father: {fileID: 4687149186989474425}
  m_RootOrder: 1
  m_LocalEulerAnglesHint: {x: 0, y: 0, z: 0}
--- !u!1 &8370532576758614065
GameObject:
  m_ObjectHideFlags: 0
  m_CorrespondingSourceObject: {fileID: 0}
  m_PrefabInstance: {fileID: 0}
  m_PrefabAsset: {fileID: 0}
  serializedVersion: 6
  m_Component:
  - component: {fileID: 801702644289155241}
  - component: {fileID: 1481252746011569382}
  - component: {fileID: 5656466647026229996}
  - component: {fileID: 6630020305367410541}
  m_Layer: 0
  m_Name: Ground
  m_TagString: Untagged
  m_Icon: {fileID: 0}
  m_NavMeshLayer: 0
  m_StaticEditorFlags: 0
  m_IsActive: 1
--- !u!4 &801702644289155241
Transform:
  m_ObjectHideFlags: 0
  m_CorrespondingSourceObject: {fileID: 0}
  m_PrefabInstance: {fileID: 0}
  m_PrefabAsset: {fileID: 0}
  m_GameObject: {fileID: 8370532576758614065}
  m_LocalRotation: {x: -0, y: -0, z: -0, w: 1}
  m_LocalPosition: {x: 0, y: -3.5, z: 0}
  m_LocalScale: {x: 10, y: 1, z: 1}
  m_Children: []
  m_Father: {fileID: 4687149186989474425}
  m_RootOrder: 2
  m_LocalEulerAnglesHint: {x: 0, y: 0, z: 0}
--- !u!33 &1481252746011569382
MeshFilter:
  m_ObjectHideFlags: 0
  m_CorrespondingSourceObject: {fileID: 0}
  m_PrefabInstance: {fileID: 0}
  m_PrefabAsset: {fileID: 0}
  m_GameObject: {fileID: 8370532576758614065}
  m_Mesh: {fileID: 10202, guid: 0000000000000000e000000000000000, type: 0}
--- !u!23 &5656466647026229996
MeshRenderer:
  m_ObjectHideFlags: 0
  m_CorrespondingSourceObject: {fileID: 0}
  m_PrefabInstance: {fileID: 0}
  m_PrefabAsset: {fileID: 0}
  m_GameObject: {fileID: 8370532576758614065}
  m_Enabled: 1
  m_CastShadows: 1
  m_ReceiveShadows: 1
  m_DynamicOccludee: 1
  m_MotionVectors: 1
  m_LightProbeUsage: 1
  m_ReflectionProbeUsage: 1
  m_RenderingLayerMask: 1
  m_RendererPriority: 0
  m_Materials:
  - {fileID: 10303, guid: 0000000000000000f000000000000000, type: 0}
  m_StaticBatchInfo:
    firstSubMesh: 0
    subMeshCount: 0
  m_StaticBatchRoot: {fileID: 0}
  m_ProbeAnchor: {fileID: 0}
  m_LightProbeVolumeOverride: {fileID: 0}
  m_ScaleInLightmap: 1
  m_PreserveUVs: 0
  m_IgnoreNormalsForChartDetection: 0
  m_ImportantGI: 0
  m_StitchLightmapSeams: 0
  m_SelectedEditorRenderState: 3
  m_MinimumChartSize: 4
  m_AutoUVMaxDistance: 0.5
  m_AutoUVMaxAngle: 89
  m_LightmapParameters: {fileID: 0}
  m_SortingLayerID: 0
  m_SortingLayer: 0
  m_SortingOrder: 0
--- !u!65 &6630020305367410541
BoxCollider:
  m_ObjectHideFlags: 0
  m_CorrespondingSourceObject: {fileID: 0}
  m_PrefabInstance: {fileID: 0}
  m_PrefabAsset: {fileID: 0}
  m_GameObject: {fileID: 8370532576758614065}
  m_Material: {fileID: 0}
  m_IsTrigger: 0
  m_Enabled: 1
  serializedVersion: 2
  m_Size: {x: 1, y: 1, z: 1}
  m_Center: {x: 0, y: 0, z: 0}
--- !u!1001 &358945656207804713
PrefabInstance:
  m_ObjectHideFlags: 0
  serializedVersion: 2
  m_Modification:
    m_TransformParent: {fileID: 4687149186989474425}
    m_Modifications:
    - target: {fileID: 3853780759087810454, guid: fd0d61824a10f4ac693f43223a15b3b4,
        type: 3}
      propertyPath: m_Name
      value: PhysicsCube (7)
      objectReference: {fileID: 0}
    - target: {fileID: 8978718879184056699, guid: fd0d61824a10f4ac693f43223a15b3b4,
        type: 3}
      propertyPath: m_LocalPosition.x
      value: 2.5
      objectReference: {fileID: 0}
    - target: {fileID: 8978718879184056699, guid: fd0d61824a10f4ac693f43223a15b3b4,
        type: 3}
      propertyPath: m_LocalPosition.y
      value: 0.5
      objectReference: {fileID: 0}
    - target: {fileID: 8978718879184056699, guid: fd0d61824a10f4ac693f43223a15b3b4,
        type: 3}
      propertyPath: m_LocalPosition.z
      value: 0
      objectReference: {fileID: 0}
    - target: {fileID: 8978718879184056699, guid: fd0d61824a10f4ac693f43223a15b3b4,
        type: 3}
      propertyPath: m_LocalRotation.x
      value: 0
      objectReference: {fileID: 0}
    - target: {fileID: 8978718879184056699, guid: fd0d61824a10f4ac693f43223a15b3b4,
        type: 3}
      propertyPath: m_LocalRotation.y
      value: 0
      objectReference: {fileID: 0}
    - target: {fileID: 8978718879184056699, guid: fd0d61824a10f4ac693f43223a15b3b4,
        type: 3}
      propertyPath: m_LocalRotation.z
      value: 0
      objectReference: {fileID: 0}
    - target: {fileID: 8978718879184056699, guid: fd0d61824a10f4ac693f43223a15b3b4,
        type: 3}
      propertyPath: m_LocalRotation.w
      value: 1
      objectReference: {fileID: 0}
    - target: {fileID: 8978718879184056699, guid: fd0d61824a10f4ac693f43223a15b3b4,
        type: 3}
      propertyPath: m_RootOrder
      value: 10
      objectReference: {fileID: 0}
    - target: {fileID: 8978718879184056699, guid: fd0d61824a10f4ac693f43223a15b3b4,
        type: 3}
      propertyPath: m_LocalEulerAnglesHint.x
      value: 0
      objectReference: {fileID: 0}
    - target: {fileID: 8978718879184056699, guid: fd0d61824a10f4ac693f43223a15b3b4,
        type: 3}
      propertyPath: m_LocalEulerAnglesHint.y
      value: 0
      objectReference: {fileID: 0}
    - target: {fileID: 8978718879184056699, guid: fd0d61824a10f4ac693f43223a15b3b4,
        type: 3}
      propertyPath: m_LocalEulerAnglesHint.z
      value: 0
      objectReference: {fileID: 0}
    m_RemovedComponents: []
  m_SourcePrefab: {fileID: 100100000, guid: fd0d61824a10f4ac693f43223a15b3b4, type: 3}
--- !u!4 &8674471728781752402 stripped
Transform:
  m_CorrespondingSourceObject: {fileID: 8978718879184056699, guid: fd0d61824a10f4ac693f43223a15b3b4,
    type: 3}
  m_PrefabInstance: {fileID: 358945656207804713}
  m_PrefabAsset: {fileID: 0}
--- !u!1001 &606042754177515721
PrefabInstance:
  m_ObjectHideFlags: 0
  serializedVersion: 2
  m_Modification:
    m_TransformParent: {fileID: 4687149186989474425}
    m_Modifications:
    - target: {fileID: 3853780759087810454, guid: fd0d61824a10f4ac693f43223a15b3b4,
        type: 3}
      propertyPath: m_Name
      value: PhysicsCube (4)
      objectReference: {fileID: 0}
    - target: {fileID: 8978718879184056699, guid: fd0d61824a10f4ac693f43223a15b3b4,
        type: 3}
      propertyPath: m_LocalPosition.x
      value: 2.5
      objectReference: {fileID: 0}
    - target: {fileID: 8978718879184056699, guid: fd0d61824a10f4ac693f43223a15b3b4,
        type: 3}
      propertyPath: m_LocalPosition.y
      value: -2.5
      objectReference: {fileID: 0}
    - target: {fileID: 8978718879184056699, guid: fd0d61824a10f4ac693f43223a15b3b4,
        type: 3}
      propertyPath: m_LocalPosition.z
      value: 0
      objectReference: {fileID: 0}
    - target: {fileID: 8978718879184056699, guid: fd0d61824a10f4ac693f43223a15b3b4,
        type: 3}
      propertyPath: m_LocalRotation.x
      value: 0
      objectReference: {fileID: 0}
    - target: {fileID: 8978718879184056699, guid: fd0d61824a10f4ac693f43223a15b3b4,
        type: 3}
      propertyPath: m_LocalRotation.y
      value: 0
      objectReference: {fileID: 0}
    - target: {fileID: 8978718879184056699, guid: fd0d61824a10f4ac693f43223a15b3b4,
        type: 3}
      propertyPath: m_LocalRotation.z
      value: 0
      objectReference: {fileID: 0}
    - target: {fileID: 8978718879184056699, guid: fd0d61824a10f4ac693f43223a15b3b4,
        type: 3}
      propertyPath: m_LocalRotation.w
      value: 1
      objectReference: {fileID: 0}
    - target: {fileID: 8978718879184056699, guid: fd0d61824a10f4ac693f43223a15b3b4,
        type: 3}
      propertyPath: m_RootOrder
      value: 7
      objectReference: {fileID: 0}
    - target: {fileID: 8978718879184056699, guid: fd0d61824a10f4ac693f43223a15b3b4,
        type: 3}
      propertyPath: m_LocalEulerAnglesHint.x
      value: 0
      objectReference: {fileID: 0}
    - target: {fileID: 8978718879184056699, guid: fd0d61824a10f4ac693f43223a15b3b4,
        type: 3}
      propertyPath: m_LocalEulerAnglesHint.y
      value: 0
      objectReference: {fileID: 0}
    - target: {fileID: 8978718879184056699, guid: fd0d61824a10f4ac693f43223a15b3b4,
        type: 3}
      propertyPath: m_LocalEulerAnglesHint.z
      value: 0
      objectReference: {fileID: 0}
    m_RemovedComponents: []
  m_SourcePrefab: {fileID: 100100000, guid: fd0d61824a10f4ac693f43223a15b3b4, type: 3}
--- !u!4 &8427300962458710450 stripped
Transform:
  m_CorrespondingSourceObject: {fileID: 8978718879184056699, guid: fd0d61824a10f4ac693f43223a15b3b4,
    type: 3}
  m_PrefabInstance: {fileID: 606042754177515721}
  m_PrefabAsset: {fileID: 0}
--- !u!1001 &1867654318471446915
PrefabInstance:
  m_ObjectHideFlags: 0
  serializedVersion: 2
  m_Modification:
    m_TransformParent: {fileID: 4687149186989474425}
    m_Modifications:
    - target: {fileID: 3853780759087810454, guid: fd0d61824a10f4ac693f43223a15b3b4,
        type: 3}
      propertyPath: m_Name
      value: PhysicsCube (5)
      objectReference: {fileID: 0}
    - target: {fileID: 8978718879184056699, guid: fd0d61824a10f4ac693f43223a15b3b4,
        type: 3}
      propertyPath: m_LocalPosition.x
      value: 2.5
      objectReference: {fileID: 0}
    - target: {fileID: 8978718879184056699, guid: fd0d61824a10f4ac693f43223a15b3b4,
        type: 3}
      propertyPath: m_LocalPosition.y
      value: -1.5
      objectReference: {fileID: 0}
    - target: {fileID: 8978718879184056699, guid: fd0d61824a10f4ac693f43223a15b3b4,
        type: 3}
      propertyPath: m_LocalPosition.z
      value: 0
      objectReference: {fileID: 0}
    - target: {fileID: 8978718879184056699, guid: fd0d61824a10f4ac693f43223a15b3b4,
        type: 3}
      propertyPath: m_LocalRotation.x
      value: 0
      objectReference: {fileID: 0}
    - target: {fileID: 8978718879184056699, guid: fd0d61824a10f4ac693f43223a15b3b4,
        type: 3}
      propertyPath: m_LocalRotation.y
      value: 0
      objectReference: {fileID: 0}
    - target: {fileID: 8978718879184056699, guid: fd0d61824a10f4ac693f43223a15b3b4,
        type: 3}
      propertyPath: m_LocalRotation.z
      value: 0
      objectReference: {fileID: 0}
    - target: {fileID: 8978718879184056699, guid: fd0d61824a10f4ac693f43223a15b3b4,
        type: 3}
      propertyPath: m_LocalRotation.w
      value: 1
      objectReference: {fileID: 0}
    - target: {fileID: 8978718879184056699, guid: fd0d61824a10f4ac693f43223a15b3b4,
        type: 3}
      propertyPath: m_RootOrder
      value: 8
      objectReference: {fileID: 0}
    - target: {fileID: 8978718879184056699, guid: fd0d61824a10f4ac693f43223a15b3b4,
        type: 3}
      propertyPath: m_LocalEulerAnglesHint.x
      value: 0
      objectReference: {fileID: 0}
    - target: {fileID: 8978718879184056699, guid: fd0d61824a10f4ac693f43223a15b3b4,
        type: 3}
      propertyPath: m_LocalEulerAnglesHint.y
      value: 0
      objectReference: {fileID: 0}
    - target: {fileID: 8978718879184056699, guid: fd0d61824a10f4ac693f43223a15b3b4,
        type: 3}
      propertyPath: m_LocalEulerAnglesHint.z
      value: 0
      objectReference: {fileID: 0}
    m_RemovedComponents: []
  m_SourcePrefab: {fileID: 100100000, guid: fd0d61824a10f4ac693f43223a15b3b4, type: 3}
--- !u!4 &7309883750944141560 stripped
Transform:
  m_CorrespondingSourceObject: {fileID: 8978718879184056699, guid: fd0d61824a10f4ac693f43223a15b3b4,
    type: 3}
  m_PrefabInstance: {fileID: 1867654318471446915}
  m_PrefabAsset: {fileID: 0}
--- !u!1001 &5589004092892152378
PrefabInstance:
  m_ObjectHideFlags: 0
  serializedVersion: 2
  m_Modification:
    m_TransformParent: {fileID: 4687149186989474425}
    m_Modifications:
    - target: {fileID: 3853780759087810454, guid: fd0d61824a10f4ac693f43223a15b3b4,
        type: 3}
      propertyPath: m_Name
      value: PhysicsCube (2)
      objectReference: {fileID: 0}
    - target: {fileID: 8978718879184056699, guid: fd0d61824a10f4ac693f43223a15b3b4,
        type: 3}
      propertyPath: m_LocalPosition.x
      value: -2.5
      objectReference: {fileID: 0}
    - target: {fileID: 8978718879184056699, guid: fd0d61824a10f4ac693f43223a15b3b4,
        type: 3}
      propertyPath: m_LocalPosition.y
      value: -0.5
      objectReference: {fileID: 0}
    - target: {fileID: 8978718879184056699, guid: fd0d61824a10f4ac693f43223a15b3b4,
        type: 3}
      propertyPath: m_LocalPosition.z
      value: 0
      objectReference: {fileID: 0}
    - target: {fileID: 8978718879184056699, guid: fd0d61824a10f4ac693f43223a15b3b4,
        type: 3}
      propertyPath: m_LocalRotation.x
      value: 0
      objectReference: {fileID: 0}
    - target: {fileID: 8978718879184056699, guid: fd0d61824a10f4ac693f43223a15b3b4,
        type: 3}
      propertyPath: m_LocalRotation.y
      value: 0
      objectReference: {fileID: 0}
    - target: {fileID: 8978718879184056699, guid: fd0d61824a10f4ac693f43223a15b3b4,
        type: 3}
      propertyPath: m_LocalRotation.z
      value: 0
      objectReference: {fileID: 0}
    - target: {fileID: 8978718879184056699, guid: fd0d61824a10f4ac693f43223a15b3b4,
        type: 3}
      propertyPath: m_LocalRotation.w
      value: 1
      objectReference: {fileID: 0}
    - target: {fileID: 8978718879184056699, guid: fd0d61824a10f4ac693f43223a15b3b4,
        type: 3}
      propertyPath: m_RootOrder
      value: 5
      objectReference: {fileID: 0}
    - target: {fileID: 8978718879184056699, guid: fd0d61824a10f4ac693f43223a15b3b4,
        type: 3}
      propertyPath: m_LocalEulerAnglesHint.x
      value: 0
      objectReference: {fileID: 0}
    - target: {fileID: 8978718879184056699, guid: fd0d61824a10f4ac693f43223a15b3b4,
        type: 3}
      propertyPath: m_LocalEulerAnglesHint.y
      value: 0
      objectReference: {fileID: 0}
    - target: {fileID: 8978718879184056699, guid: fd0d61824a10f4ac693f43223a15b3b4,
        type: 3}
      propertyPath: m_LocalEulerAnglesHint.z
      value: 0
      objectReference: {fileID: 0}
    - target: {fileID: 7249543487577127077, guid: fd0d61824a10f4ac693f43223a15b3b4,
        type: 3}
      propertyPath: m_Constraints
      value: 0
      objectReference: {fileID: 0}
    m_RemovedComponents: []
  m_SourcePrefab: {fileID: 100100000, guid: fd0d61824a10f4ac693f43223a15b3b4, type: 3}
--- !u!4 &3533901442757784385 stripped
Transform:
  m_CorrespondingSourceObject: {fileID: 8978718879184056699, guid: fd0d61824a10f4ac693f43223a15b3b4,
    type: 3}
  m_PrefabInstance: {fileID: 5589004092892152378}
  m_PrefabAsset: {fileID: 0}
--- !u!1001 &6330890790989836443
PrefabInstance:
  m_ObjectHideFlags: 0
  serializedVersion: 2
  m_Modification:
    m_TransformParent: {fileID: 4687149186989474425}
    m_Modifications:
    - target: {fileID: 3853780759087810454, guid: fd0d61824a10f4ac693f43223a15b3b4,
        type: 3}
      propertyPath: m_Name
      value: PhysicsCube (6)
      objectReference: {fileID: 0}
    - target: {fileID: 8978718879184056699, guid: fd0d61824a10f4ac693f43223a15b3b4,
        type: 3}
      propertyPath: m_LocalPosition.x
      value: 2.5
      objectReference: {fileID: 0}
    - target: {fileID: 8978718879184056699, guid: fd0d61824a10f4ac693f43223a15b3b4,
        type: 3}
      propertyPath: m_LocalPosition.y
      value: -0.5
      objectReference: {fileID: 0}
    - target: {fileID: 8978718879184056699, guid: fd0d61824a10f4ac693f43223a15b3b4,
        type: 3}
      propertyPath: m_LocalPosition.z
      value: 0
      objectReference: {fileID: 0}
    - target: {fileID: 8978718879184056699, guid: fd0d61824a10f4ac693f43223a15b3b4,
        type: 3}
      propertyPath: m_LocalRotation.x
      value: 0
      objectReference: {fileID: 0}
    - target: {fileID: 8978718879184056699, guid: fd0d61824a10f4ac693f43223a15b3b4,
        type: 3}
      propertyPath: m_LocalRotation.y
      value: 0
      objectReference: {fileID: 0}
    - target: {fileID: 8978718879184056699, guid: fd0d61824a10f4ac693f43223a15b3b4,
        type: 3}
      propertyPath: m_LocalRotation.z
      value: 0
      objectReference: {fileID: 0}
    - target: {fileID: 8978718879184056699, guid: fd0d61824a10f4ac693f43223a15b3b4,
        type: 3}
      propertyPath: m_LocalRotation.w
      value: 1
      objectReference: {fileID: 0}
    - target: {fileID: 8978718879184056699, guid: fd0d61824a10f4ac693f43223a15b3b4,
        type: 3}
      propertyPath: m_RootOrder
      value: 9
      objectReference: {fileID: 0}
    - target: {fileID: 8978718879184056699, guid: fd0d61824a10f4ac693f43223a15b3b4,
        type: 3}
      propertyPath: m_LocalEulerAnglesHint.x
      value: 0
      objectReference: {fileID: 0}
    - target: {fileID: 8978718879184056699, guid: fd0d61824a10f4ac693f43223a15b3b4,
        type: 3}
      propertyPath: m_LocalEulerAnglesHint.y
      value: 0
      objectReference: {fileID: 0}
    - target: {fileID: 8978718879184056699, guid: fd0d61824a10f4ac693f43223a15b3b4,
        type: 3}
      propertyPath: m_LocalEulerAnglesHint.z
      value: 0
      objectReference: {fileID: 0}
    m_RemovedComponents: []
  m_SourcePrefab: {fileID: 100100000, guid: fd0d61824a10f4ac693f43223a15b3b4, type: 3}
--- !u!4 &3116779693184270816 stripped
Transform:
  m_CorrespondingSourceObject: {fileID: 8978718879184056699, guid: fd0d61824a10f4ac693f43223a15b3b4,
    type: 3}
  m_PrefabInstance: {fileID: 6330890790989836443}
  m_PrefabAsset: {fileID: 0}
--- !u!1001 &6821216442323131750
PrefabInstance:
  m_ObjectHideFlags: 0
  serializedVersion: 2
  m_Modification:
    m_TransformParent: {fileID: 4687149186989474425}
    m_Modifications:
    - target: {fileID: 3853780759087810454, guid: fd0d61824a10f4ac693f43223a15b3b4,
        type: 3}
      propertyPath: m_Name
      value: PhysicsCube (3)
      objectReference: {fileID: 0}
    - target: {fileID: 8978718879184056699, guid: fd0d61824a10f4ac693f43223a15b3b4,
        type: 3}
      propertyPath: m_LocalPosition.x
      value: -2.5
      objectReference: {fileID: 0}
    - target: {fileID: 8978718879184056699, guid: fd0d61824a10f4ac693f43223a15b3b4,
        type: 3}
      propertyPath: m_LocalPosition.y
      value: 0.5
      objectReference: {fileID: 0}
    - target: {fileID: 8978718879184056699, guid: fd0d61824a10f4ac693f43223a15b3b4,
        type: 3}
      propertyPath: m_LocalPosition.z
      value: 0
      objectReference: {fileID: 0}
    - target: {fileID: 8978718879184056699, guid: fd0d61824a10f4ac693f43223a15b3b4,
        type: 3}
      propertyPath: m_LocalRotation.x
      value: 0
      objectReference: {fileID: 0}
    - target: {fileID: 8978718879184056699, guid: fd0d61824a10f4ac693f43223a15b3b4,
        type: 3}
      propertyPath: m_LocalRotation.y
      value: 0
      objectReference: {fileID: 0}
    - target: {fileID: 8978718879184056699, guid: fd0d61824a10f4ac693f43223a15b3b4,
        type: 3}
      propertyPath: m_LocalRotation.z
      value: 0
      objectReference: {fileID: 0}
    - target: {fileID: 8978718879184056699, guid: fd0d61824a10f4ac693f43223a15b3b4,
        type: 3}
      propertyPath: m_LocalRotation.w
      value: 1
      objectReference: {fileID: 0}
    - target: {fileID: 8978718879184056699, guid: fd0d61824a10f4ac693f43223a15b3b4,
        type: 3}
      propertyPath: m_RootOrder
      value: 6
      objectReference: {fileID: 0}
    - target: {fileID: 8978718879184056699, guid: fd0d61824a10f4ac693f43223a15b3b4,
        type: 3}
      propertyPath: m_LocalEulerAnglesHint.x
      value: 0
      objectReference: {fileID: 0}
    - target: {fileID: 8978718879184056699, guid: fd0d61824a10f4ac693f43223a15b3b4,
        type: 3}
      propertyPath: m_LocalEulerAnglesHint.y
      value: 0
      objectReference: {fileID: 0}
    - target: {fileID: 8978718879184056699, guid: fd0d61824a10f4ac693f43223a15b3b4,
        type: 3}
      propertyPath: m_LocalEulerAnglesHint.z
      value: 0
      objectReference: {fileID: 0}
    m_RemovedComponents: []
  m_SourcePrefab: {fileID: 100100000, guid: fd0d61824a10f4ac693f43223a15b3b4, type: 3}
--- !u!4 &2464318957706980381 stripped
Transform:
  m_CorrespondingSourceObject: {fileID: 8978718879184056699, guid: fd0d61824a10f4ac693f43223a15b3b4,
    type: 3}
  m_PrefabInstance: {fileID: 6821216442323131750}
  m_PrefabAsset: {fileID: 0}
--- !u!1001 &8011189564138313900
PrefabInstance:
  m_ObjectHideFlags: 0
  serializedVersion: 2
  m_Modification:
    m_TransformParent: {fileID: 4687149186989474425}
    m_Modifications:
    - target: {fileID: 3853780759087810454, guid: fd0d61824a10f4ac693f43223a15b3b4,
        type: 3}
      propertyPath: m_Name
      value: PhysicsCube
      objectReference: {fileID: 0}
    - target: {fileID: 8978718879184056699, guid: fd0d61824a10f4ac693f43223a15b3b4,
        type: 3}
      propertyPath: m_LocalPosition.x
      value: -2.5
      objectReference: {fileID: 0}
    - target: {fileID: 8978718879184056699, guid: fd0d61824a10f4ac693f43223a15b3b4,
        type: 3}
      propertyPath: m_LocalPosition.y
      value: -2.5
      objectReference: {fileID: 0}
    - target: {fileID: 8978718879184056699, guid: fd0d61824a10f4ac693f43223a15b3b4,
        type: 3}
      propertyPath: m_LocalPosition.z
      value: 0
      objectReference: {fileID: 0}
    - target: {fileID: 8978718879184056699, guid: fd0d61824a10f4ac693f43223a15b3b4,
        type: 3}
      propertyPath: m_LocalRotation.x
      value: 0
      objectReference: {fileID: 0}
    - target: {fileID: 8978718879184056699, guid: fd0d61824a10f4ac693f43223a15b3b4,
        type: 3}
      propertyPath: m_LocalRotation.y
      value: 0
      objectReference: {fileID: 0}
    - target: {fileID: 8978718879184056699, guid: fd0d61824a10f4ac693f43223a15b3b4,
        type: 3}
      propertyPath: m_LocalRotation.z
      value: 0
      objectReference: {fileID: 0}
    - target: {fileID: 8978718879184056699, guid: fd0d61824a10f4ac693f43223a15b3b4,
        type: 3}
      propertyPath: m_LocalRotation.w
      value: 1
      objectReference: {fileID: 0}
    - target: {fileID: 8978718879184056699, guid: fd0d61824a10f4ac693f43223a15b3b4,
        type: 3}
      propertyPath: m_RootOrder
      value: 3
      objectReference: {fileID: 0}
    - target: {fileID: 8978718879184056699, guid: fd0d61824a10f4ac693f43223a15b3b4,
        type: 3}
      propertyPath: m_LocalEulerAnglesHint.x
      value: 0
      objectReference: {fileID: 0}
    - target: {fileID: 8978718879184056699, guid: fd0d61824a10f4ac693f43223a15b3b4,
        type: 3}
      propertyPath: m_LocalEulerAnglesHint.y
      value: 0
      objectReference: {fileID: 0}
    - target: {fileID: 8978718879184056699, guid: fd0d61824a10f4ac693f43223a15b3b4,
        type: 3}
      propertyPath: m_LocalEulerAnglesHint.z
      value: 0
      objectReference: {fileID: 0}
    m_RemovedComponents: []
  m_SourcePrefab: {fileID: 100100000, guid: fd0d61824a10f4ac693f43223a15b3b4, type: 3}
--- !u!4 &1420788141397912023 stripped
Transform:
  m_CorrespondingSourceObject: {fileID: 8978718879184056699, guid: fd0d61824a10f4ac693f43223a15b3b4,
    type: 3}
  m_PrefabInstance: {fileID: 8011189564138313900}
  m_PrefabAsset: {fileID: 0}
--- !u!1001 &9137448335409049629
PrefabInstance:
  m_ObjectHideFlags: 0
  serializedVersion: 2
  m_Modification:
    m_TransformParent: {fileID: 4687149186989474425}
    m_Modifications:
    - target: {fileID: 3853780759087810454, guid: fd0d61824a10f4ac693f43223a15b3b4,
        type: 3}
      propertyPath: m_Name
      value: PhysicsCube (1)
      objectReference: {fileID: 0}
    - target: {fileID: 8978718879184056699, guid: fd0d61824a10f4ac693f43223a15b3b4,
        type: 3}
      propertyPath: m_LocalPosition.x
      value: -2.5
      objectReference: {fileID: 0}
    - target: {fileID: 8978718879184056699, guid: fd0d61824a10f4ac693f43223a15b3b4,
        type: 3}
      propertyPath: m_LocalPosition.y
      value: -1.5
      objectReference: {fileID: 0}
    - target: {fileID: 8978718879184056699, guid: fd0d61824a10f4ac693f43223a15b3b4,
        type: 3}
      propertyPath: m_LocalPosition.z
      value: 0
      objectReference: {fileID: 0}
    - target: {fileID: 8978718879184056699, guid: fd0d61824a10f4ac693f43223a15b3b4,
        type: 3}
      propertyPath: m_LocalRotation.x
      value: 0
      objectReference: {fileID: 0}
    - target: {fileID: 8978718879184056699, guid: fd0d61824a10f4ac693f43223a15b3b4,
        type: 3}
      propertyPath: m_LocalRotation.y
      value: 0
      objectReference: {fileID: 0}
    - target: {fileID: 8978718879184056699, guid: fd0d61824a10f4ac693f43223a15b3b4,
        type: 3}
      propertyPath: m_LocalRotation.z
      value: 0
      objectReference: {fileID: 0}
    - target: {fileID: 8978718879184056699, guid: fd0d61824a10f4ac693f43223a15b3b4,
        type: 3}
      propertyPath: m_LocalRotation.w
      value: 1
      objectReference: {fileID: 0}
    - target: {fileID: 8978718879184056699, guid: fd0d61824a10f4ac693f43223a15b3b4,
        type: 3}
      propertyPath: m_RootOrder
      value: 4
      objectReference: {fileID: 0}
    - target: {fileID: 8978718879184056699, guid: fd0d61824a10f4ac693f43223a15b3b4,
        type: 3}
      propertyPath: m_LocalEulerAnglesHint.x
      value: 0
      objectReference: {fileID: 0}
    - target: {fileID: 8978718879184056699, guid: fd0d61824a10f4ac693f43223a15b3b4,
        type: 3}
      propertyPath: m_LocalEulerAnglesHint.y
      value: 0
      objectReference: {fileID: 0}
    - target: {fileID: 8978718879184056699, guid: fd0d61824a10f4ac693f43223a15b3b4,
        type: 3}
      propertyPath: m_LocalEulerAnglesHint.z
      value: 0
      objectReference: {fileID: 0}
    m_RemovedComponents: []
  m_SourcePrefab: {fileID: 100100000, guid: fd0d61824a10f4ac693f43223a15b3b4, type: 3}
--- !u!4 &167879923318489446 stripped
Transform:
  m_CorrespondingSourceObject: {fileID: 8978718879184056699, guid: fd0d61824a10f4ac693f43223a15b3b4,
    type: 3}
  m_PrefabInstance: {fileID: 9137448335409049629}
  m_PrefabAsset: {fileID: 0}
